@book{bird2009natural,
  title={Natural language processing with Python: analyzing text with the natural language toolkit},
  author={Bird, Steven and Klein, Ewan and Loper, Edward},
  year={2009},
  publisher={O'Reilly Media, Inc.}
}

@article{laver2003extracting,
  title={Extracting policy positions from political texts using words as data},
  author={Laver, Michael and Benoit, Kenneth and Garry, John},
  journal={American political science review},
  volume={97},
  number={2},
  pages={311--331},
  year={2003},
  publisher={Cambridge University Press}
}

@article{monroe2008fightin,
  title={Fightin'words: Lexical feature selection and evaluation for identifying the content of political conflict},
  author={Monroe, Burt L. and Colaresi, Michael P. and Quinn, Kevin M.},
  journal={Political Analysis},
  volume={16},
  number={4},
  pages={372--403},
  year={2008},
  publisher={Cambridge University Press}
}